<record xmlns="http://www.loc.gov/MARC21/slim" xmlns:xsi="http://www.w3.org/2001/XMLSchema-instance" xsi:schemaLocation="http://www.loc.gov/MARC21/slim http://www.loc.gov/standards/marcxml/schema/MARC21slim.xsd"><leader>01670cz   2200313n  4500</leader><controlfield tag="001">oca03907871 </controlfield><controlfield tag="005">20001104070741.0</controlfield><controlfield tag="008">950824n| acannaabn          |a aaa     c</controlfield><datafield ind1=" " ind2=" " tag="010"><subfield code="a">nr 95031179 </subfield></datafield><datafield ind1=" " ind2=" " tag="040"><subfield code="a">NNC</subfield><subfield code="b">eng</subfield><subfield code="c">NNC</subfield><subfield code="d">CU</subfield><subfield code="d">OCoLC</subfield></datafield><datafield ind1="0" ind2=" " tag="100"><subfield code="a">Cassius Hemina,</subfield><subfield code="d">2nd cent. B.C.</subfield></datafield><datafield ind1="1" ind2=" " tag="400"><subfield code="a">Hemina, Cassius,</subfield><subfield code="d">2nd cent. B.C.</subfield></datafield><datafield ind1="1" ind2=" " tag="400"><subfield code="a">Hemina, L. Cassius</subfield><subfield code="q">(Lucius Cassius),</subfield><subfield code="d">2nd cent. B.C.</subfield></datafield><datafield ind1="1" ind2=" " tag="400"><subfield code="a">Hemina, Lucius Cassius,</subfield><subfield code="d">2nd cent. B.C.</subfield></datafield><datafield ind1="1" ind2=" " tag="400"><subfield code="a">Hemina, C. Cassius,</subfield><subfield code="d">2nd cent. B.C.</subfield></datafield><datafield ind1="1" ind2=" " tag="400"><subfield code="a">Cassius Hemina, L.</subfield><subfield code="q">(Lucius),</subfield><subfield code="d">2nd cent. B.C.</subfield></datafield><datafield ind1="1" ind2=" " tag="400"><subfield code="a">Cassius Hemina, Lucius,</subfield><subfield code="d">2nd cent. B.C.</subfield></datafield><datafield ind1="1" ind2=" " tag="400"><subfield code="a">Cassius Hemina, C.,</subfield><subfield code="d">2nd cent. B.C.</subfield></datafield><datafield ind1="0" ind2=" " tag="400"><subfield code="a">L. Cassius Hemina</subfield><subfield code="q">(Lucius Cassius Hemina),</subfield><subfield code="d">2nd cent. B.C.</subfield></datafield><datafield ind1="1" ind2=" " tag="400"><subfield code="a">Cassio Emina, L.,</subfield><subfield code="d">2nd cent. B.C.</subfield></datafield><datafield ind1="1" ind2=" " tag="400"><subfield code="a">Emina, L. Cassio,</subfield><subfield code="d">2nd cent. B.C.</subfield></datafield><datafield ind1="0" ind2=" " tag="400"><subfield code="a">C. Cassius Hemina,</subfield><subfield code="d">2nd cent. B.C.</subfield></datafield><datafield ind1=" " ind2=" " tag="670"><subfield code="a">His Annales [CF] 1991:</subfield><subfield code="b">PHI CD ROM #5.3, Latin Canon, bibliographic screen (C. Cassius Hemina)</subfield></datafield><datafield ind1=" " ind2=" " tag="670"><subfield code="a">Oxford class. dict., 1st ed.:</subfield><subfield code="b">p. 171 (Cassius Hemina, Lucius; the first Roman annalist)</subfield></datafield><datafield ind1=" " ind2=" " tag="670"><subfield code="a">Harper's dict. of class. lit. and antiquities, 1965:</subfield><subfield code="b">p. 290 (Cassius Hemina; early annalist; fl. about B.C 145)</subfield></datafield><datafield ind1=" " ind2=" " tag="670"><subfield code="a">NUC pre-56:</subfield><subfield code="b">v. 98, p. 197 (Cassius Hemina, Lucius)</subfield></datafield><datafield ind1=" " ind2=" " tag="670"><subfield code="a">Dict. of Greek and Roman biography and mythology, 1967:</subfield><subfield code="b">v. 2, p. 380 (Hemina, L. Cassius; historian of Rome; alive in 146 B.C.; his praenomen Lucius rests on the sole authority of Priscian)</subfield></datafield><datafield ind1=" " ind2=" " tag="670"><subfield code="a">Peter, H. Historicorum romanorum reliquiae 1914:</subfield><subfield code="b">p. clxv (L. Cassius Hemina) p. 98 (C. Cassius Hemina)</subfield></datafield><datafield ind1=" " ind2=" " tag="670"><subfield code="a">I frammenti di L. Cassio Emina, c1995.</subfield></datafield></record>